@ARTICLE{lu:09,
	AUTHOR = {Lu, B. and Gungor, V. C.},
	TITLE = {Online and Remote Motor Energy Monitoring and Fault Diagnostics Using Wireless Sensor Networks},
	JOURNAL = {IEEE Transactions on Industrial Electronics},
	VOlUME = {56},
	PAGES = {4651-4659},
	YEAR = {2009},
}

@ARTICLE{gungor:09,
	AUTHOR = {Gungor, V. C. and Hancke G. P.},
	TITLE = {Industrial Wireless Sensor Networks: Challenges, Design Principles, and Technical Approaches},
	JOURNAL = {IEEE Transactions on Industrial Electronics},
	VOlUME = {56},
	PAGES = {4258-4265},
	YEAR = {2009},
}

@ARTICLE{limafilho:12,
	AUTHOR = {Lima-Filho, A. C. and Gomes, R. D. and Adissi, M. O. and Silva, T. A. B. and Belo, F. A. and Spohn, M. A.},
	TITLE = {Embedded System Integrated Into a Wireless Sensor Network for Online Dynamic Torque and Efficiency Monitoring in Induction Motors},
	JOURNAL = {IEEE/ASME Transactions on Mechatronics},
	VOlUME = {17},
	PAGES = {404-414},
	YEAR = {2012},
}

@INPROCEEDINGS{hou:11,
	AUTHOR = { Hou, L., Himanshu and Bergmann, N. W.},
	TITLE = {Induction Motor Fault Diagnosis Using Industrial Wireless Sensor Networks and Dempster-Shafer Classifier Fusion},
	booktitle = {37th Annual Conference on IEEE Industrial Electronics Society},
	year = {2011},
	pages = {2992-2997},
}

@PHDTHESIS{tesecoll,
AUTHOR =       {Ferrer-Coll, J.},
TITLE =        {RF Channel Characterization in Industrial, Hospital
and Home Environments},
SCHOOL =       {KTH School of Information and Communication Technology},
YEAR =         {2012},
type =         {PhD},
}

@INPROCEEDINGS{chilo:09,
	AUTHOR = {Chilo, J. and Karlsson, C. and Angskog, P. and Stenumgaard, P.},
	TITLE = {EMI disruptive effect on wireless industrial communication systems in a paper plant},
	booktitle = {IEEE International Symposium on Electromagnetic Compatibility},
	year = {2009},
	pages = {221-224},
}

@ARTICLE{stenumgaard:13,
	AUTHOR = {Stenumgaard, P. and Chilo, J. and Angskog, P.},
	TITLE = {Challenges and Conditions for Wireless Machine-to-Machine Communications in Industrial Environments},
	JOURNAL = {IEEE Communications Magazine},
	VOlUME = {51},
	PAGES = {187-192},
	YEAR = {2013},
}


@ARTICLE{coll:12,
	AUTHOR = {Ferrer-Coll, J. and Angskog, P. and Chilo, J. and Stenumgaard, P.},
	TITLE = {Characterisation of highly absorbent and highly reflective radio wave propagation environments in industrial applications},
	JOURNAL = {IET Communications},
	VOlUME = {6},
	PAGES = {2404-2412},
	YEAR = {2012},
}

@INPROCEEDINGS{angskog:10,
	AUTHOR = {Angskog, P. and Karlsson, C. and Coll, J. F. and Chilo, J. Stenumgaard, P.},
	TITLE = {Sources of disturbances on wireless communication in industrial and factory environments},
	booktitle = {Asia-Pacific Symposium on Electromagnetic Compatibility},
	year = {2010},
	pages = {281-284},
}

@Article{bello:09,
 author   = {L. Bello and E. Toscano},
 title    =  {Coexistence Issues of Multiple Co-Located IEEE 802.15.4/ZigBee Networks Running on Adjacent Radio Channels in Industrial Environments},
 journal  = {IEEE Transactions on Industrial Informatics},
 year     = {2009},
 pages    = {157-167},
 volume   = {5}
}

@Article{tang:07,
 author   = {L. Tang and K. Wang and Y. Huang and F. Gu},
 title    =  {Channel Characterization and Link Quality Assessment of IEEE 802.15.4-Compliant Radio for Factory Enviroments},
 journal  = {IEEE Transactions on Industrial Informatics},
 year     = {2007},
 pages    = {99-110},
 volume   = {3}
}

@Article{gomes:12,
 author   = {R. D. Gomes and M. A. Spohn and A. C. Lima Filho and E. G. dos Anjos and F. A. Belo},
 title    =  {Correlation between Spectral Occupancy and Packet Error Rate in IEEE 802.15.4-based Industrial Wireless Sensor Networks},
 journal  = {Revista IEEE Am\'erica Latina},
 year     = {2012},
 pages    = {1312-1318},
 volume   = {10}
}

@Article{gomes:13,
 author   = {Gomes, R. D. and Adissi, M. O. and Lima-Filho, A. C. and Spohn, M. A. and Belo, F.},
 title    =  {On the Impact of Local Processing for Motor Monitoring Systems in Industrial Environments Using Wireless Sensor Networks},
 journal  = {International Journal of Distributed Sensor Networks},
 year     = {2013},
 pages    = {1-14},
 volume   = {2013}
}

@MASTERSTHESIS{dissertacaoruan,
AUTHOR =       {Gomes, R. D.},
TITLE =        {Redes de Sensores sem Fio Aplicadas ao Monitoramento de Motores em Ambiente Industrial},
SCHOOL =       {Programa de P\'os-Gradua\c{c}\~ao em Ci\^encia da Computa\c{c}\~ao - UFCG},
YEAR =         {2012},
type =         {Mestrado},
}



@INPROCEEDINGS{petersen:09,
	AUTHOR = {Petersen, S. and Carlsen, S.},
	TITLE = {Performance Evaluation of Wirelesshart for Factory Automation},
	booktitle = {IEEE Conference on Emerging Technologies \& Factory Automation},
	year = {2009},
	pages = {1-9},
}

@misc{mdo4000,
  author = {Tektronix},
  title = {MDO4000 Mixed Domain Oscilloscope},
  howpublished = {http://www.tek.com/oscilloscope/mdo4000-mixed-domain-oscilloscope},
  note = {Accessado em: 14/08/2013}
}

@misc{mrf24j40mb,
  author = {Microchip},
  howpublished = {\newline http://ww1.microchip.com/downloads/en/DeviceDoc/70599B.pdf},
  title = {Datasheet MRF24J40MB},
  note = {Accessado em: 14/08/2013}
}

@techreport{fraunhofer,
	author = {Gerhauser, H. and Elst, G.},
	title = {EasyDCP player: software-based DCP playout and quality control},
	institution = {Fraunhofer IIS},
	year = {2011},
}

@misc{standard:iso13818-1:2007-amd1:2007,
  added-at = {2009-10-14T21:30:02.000+0200},
  author = {{ISO/IEC}},
  biburl = {http://www.bibsonomy.org/bibtex/28053b38a062133548a5cad42b072054b/magsilva},
  howpublished = {Padr√£o},
  interhash = {4701a8a0d70e27e45b3d5123f3180f69},
  intrahash = {8053b38a062133548a5cad42b072054b},
  keywords = {imported},
  timestamp = {2009-10-14T21:30:02.000+0200},
  title = {ISO/IEC 13818-1:2007/Amd 1:2007 - Transport of MPEG-4 streaming text
	and MPEG-4 lossless audio over MPEG-2 systems},
  year = 2007
}

@ARTICLE{hevc,
	AUTHOR = {Nightingale, J. and Wang, Q. and Grecos, C.},
	TITLE = {HEVStream: A Framework for Streaming and Evaluation of High Efficiency Video Coding (HEVC) Content in Loss-prone Networks},
	JOURNAL = {IEEE Transactions on Consumer Electronics},
	VOlUME = {58},
	PAGES = {404-412},
	YEAR = {2012},
}

